<record><leader>00000cas a22000007a 4500</leader><controlfield tag="001">15094865</controlfield><controlfield tag="008">870121d19721976inuwr ne      0    0eng d</controlfield><datafield ind1=" " ind2=" " tag="010"><subfield code="a">sn 87055218 </subfield></datafield><datafield ind1=" " ind2=" " tag="040"><subfield code="a">NPI</subfield><subfield code="b">eng</subfield><subfield code="c">NPI</subfield><subfield code="d">OCLCQ</subfield></datafield><datafield ind1=" " ind2=" " tag="042"><subfield code="a">msc</subfield></datafield><datafield ind1="0" ind2=" " tag="130"><subfield code="a">Washington press (Salem, Ind.)</subfield></datafield><datafield ind1="1" ind2="4" tag="245"><subfield code="a">The Washington press.</subfield></datafield><datafield ind1=" " ind2=" " tag="260"><subfield code="a">Salem, Ind. :</subfield><subfield code="b">[s.n.],</subfield><subfield code="c">1972-1976.</subfield></datafield><datafield ind1=" " ind2=" " tag="310"><subfield code="a">Weekly</subfield></datafield><datafield ind1="0" ind2=" " tag="362"><subfield code="a">Vol. 8, no. 2 (Jan. 12, 1972)-v. 11, no. 51 (Jan. 23, 1976).</subfield></datafield><datafield ind1=" " ind2=" " tag="752"><subfield code="a">United States</subfield><subfield code="b">Indiana</subfield><subfield code="c">Washington</subfield><subfield code="d">Salem.</subfield></datafield><datafield ind1="0" ind2="0" tag="780"><subfield code="t">Washington County press (Salem, Ind.)</subfield><subfield code="w">(DLC)sn 87055217</subfield></datafield><datafield ind1="0" ind2="0" tag="785"><subfield code="t">County press (Salem, Ind. : 1976)</subfield><subfield code="w">(DLC)sn 87055219</subfield></datafield></record>